<record><leader>00000cas a2200000 a 4500</leader><controlfield tag="001">10337892</controlfield><controlfield tag="007">hd afv---baca</controlfield><controlfield tag="008">840125d18561869nyuwr nea     0    0eng d</controlfield><datafield ind1=" " ind2=" " tag="010"><subfield code="a">sf 89090767 </subfield></datafield><datafield ind1=" " ind2=" " tag="040"><subfield code="a">VYN</subfield><subfield code="b">eng</subfield><subfield code="c">VYN</subfield><subfield code="d">PES</subfield><subfield code="d">DLC</subfield><subfield code="d">FUG</subfield><subfield code="d">OCL</subfield><subfield code="d">OCLCQ</subfield><subfield code="d">BUF</subfield><subfield code="d">OCLCF</subfield><subfield code="d">OCLCO</subfield><subfield code="d">OCLCQ</subfield></datafield><datafield ind1=" " ind2=" " tag="042"><subfield code="a">msc</subfield></datafield><datafield ind1=" " ind2=" " tag="043"><subfield code="a">n-us---</subfield><subfield code="a">n-us-ny</subfield></datafield><datafield ind1="0" ind2="0" tag="050"><subfield code="a">Microfilm 01104 no. 1834-1839 AP</subfield></datafield><datafield ind1="1" ind2="4" tag="050"><subfield code="a">AP2</subfield><subfield code="b">.A64</subfield></datafield><datafield ind1="0" ind2="4" tag="082"><subfield code="a">051</subfield><subfield code="b">A51p2</subfield></datafield><datafield ind1="0" ind2=" " tag="130"><subfield code="a">Evangelist (New York, N.Y. : 1856)</subfield></datafield><datafield ind1="1" ind2="4" tag="245"><subfield code="a">The evangelist.</subfield></datafield><datafield ind1=" " ind2=" " tag="260"><subfield code="a">New York :</subfield><subfield code="b">Wm. Bradford,</subfield><subfield code="c">1856-1869.</subfield></datafield><datafield ind1=" " ind2=" " tag="300"><subfield code="a">14 volumes :</subfield><subfield code="b">illustrations ;</subfield><subfield code="c">75 cm</subfield></datafield><datafield ind1=" " ind2=" " tag="310"><subfield code="a">Weekly</subfield></datafield><datafield ind1=" " ind2=" " tag="336"><subfield code="a">text</subfield><subfield code="b">txt</subfield><subfield code="2">rdacontent</subfield></datafield><datafield ind1=" " ind2=" " tag="337"><subfield code="a">microform</subfield><subfield code="b">h</subfield><subfield code="2">rdamedia</subfield></datafield><datafield ind1=" " ind2=" " tag="338"><subfield code="a">microfilm reel</subfield><subfield code="b">hd</subfield><subfield code="2">rdacarrier</subfield></datafield><datafield ind1="0" ind2=" " tag="362"><subfield code="a">Vol. 27, no. 20 (May 15, 1856)-v. 40, no. 52 (Dec. 30, 1869) = whole no. 1364-2075.</subfield></datafield><datafield ind1=" " ind2=" " tag="500"><subfield code="a">A Presbyterian weekly newspaper founded in 1832 to promote revivals, temperance and other reforms. During the Civil War period, The Evangelist was s strong anti-slavery publication. A wide variety of magazines and books are reviewed, including Atlantic Monthly and Harper's Magazine. News for farmers, scientific news, bills in Congress, foreign religious news, progress of the gospel, and occupations for women are a few of the topics included. From 1865 to 1885, the New York Evangelist spoke for the New School Presbyterians. In its later years, The Evangelist and Religious Review became a monthly magazine designed to uplift and develope a spiritual nature in its readers. It reported church activities and expressions of spiritual enlightenment. Cf. American periodicals, 1741-1900.</subfield></datafield><datafield ind1=" " ind2=" " tag="500"><subfield code="a">Title from caption.</subfield></datafield><datafield ind1=" " ind2=" " tag="515"><subfield code="a">Vols. 37-38 are missing from the microfilm ed.</subfield></datafield><datafield ind1=" " ind2=" " tag="533"><subfield code="a">Microfilm.</subfield><subfield code="b">Ann Arbor, Mich. :</subfield><subfield code="c">University Microfilms International,</subfield><subfield code="d">1977.</subfield><subfield code="e">6 microfilm reels ; 35 mm.</subfield><subfield code="f">(American periodical series, 1800-1850 ; 1834-1839).</subfield></datafield><datafield ind1=" " ind2="0" tag="650"><subfield code="a">Evangelistic work</subfield><subfield code="z">United States</subfield><subfield code="v">Newspapers.</subfield></datafield><datafield ind1=" " ind2="0" tag="651"><subfield code="a">New York (N.Y.)</subfield><subfield code="v">Newspapers.</subfield></datafield><datafield ind1=" " ind2="0" tag="651"><subfield code="a">New York County (N.Y.)</subfield><subfield code="v">Newspapers.</subfield></datafield><datafield ind1=" " ind2="7" tag="650"><subfield code="a">Evangelistic work.</subfield><subfield code="2">fast</subfield><subfield code="0">(OCoLC)fst00917035</subfield></datafield><datafield ind1=" " ind2="7" tag="651"><subfield code="a">New York (State)</subfield><subfield code="z">New York.</subfield><subfield code="2">fast</subfield><subfield code="0">(OCoLC)fst01204333</subfield></datafield><datafield ind1=" " ind2="7" tag="651"><subfield code="a">New York (State)</subfield><subfield code="z">New York County.</subfield><subfield code="2">fast</subfield><subfield code="0">(OCoLC)fst01234953</subfield></datafield><datafield ind1=" " ind2="7" tag="651"><subfield code="a">United States.</subfield><subfield code="2">fast</subfield><subfield code="0">(OCoLC)fst01204155</subfield></datafield><datafield ind1=" " ind2="7" tag="655"><subfield code="a">Newspapers.</subfield><subfield code="2">fast</subfield><subfield code="0">(OCoLC)fst01423814</subfield></datafield><datafield ind1=" " ind2=" " tag="752"><subfield code="a">United States</subfield><subfield code="b">New York</subfield><subfield code="c">New York</subfield><subfield code="d">New York.</subfield></datafield><datafield ind1="1" ind2=" " tag="776"><subfield code="c">Original</subfield><subfield code="w">(DLC)sn 87079936</subfield><subfield code="w">(OCoLC)14283658</subfield></datafield><datafield ind1="0" ind2="0" tag="780"><subfield code="t">New York evangelist</subfield><subfield code="w">(DLC)sf 88092331</subfield><subfield code="w">(OCoLC)7720950</subfield></datafield><datafield ind1="0" ind2="0" tag="785"><subfield code="t">New-York evangelist (1870)</subfield><subfield code="w">(DLC)sf 89090768</subfield><subfield code="w">(OCoLC)10337904</subfield></datafield><datafield ind1=" " ind2="0" tag="830"><subfield code="a">American periodical series, 1800-1850 ;</subfield><subfield code="v">1834-1839.</subfield></datafield><datafield ind1="1" ind2=" " tag="029"><subfield code="a">AU@</subfield><subfield code="b">000020235781</subfield></datafield></record>